<record><leader>00000cas a2200000 a 4500</leader><controlfield tag="001">30498555</controlfield><controlfield tag="008">940526c19259999iluwr ne      0   a0eng c</controlfield><controlfield tag="009">11088</controlfield><datafield ind1=" " ind2=" " tag="010"><subfield code="a">sn 94054268 </subfield></datafield><datafield ind1=" " ind2=" " tag="040"><subfield code="a">NVF</subfield><subfield code="b">eng</subfield><subfield code="c">NVF</subfield><subfield code="d">NSD</subfield><subfield code="d">NVF</subfield><subfield code="d">CVF</subfield><subfield code="d">CUS</subfield><subfield code="d">OCLCQ</subfield><subfield code="d">OCLCF</subfield></datafield><datafield ind1=" " ind2=" " tag="012"><subfield code="m">1</subfield></datafield><datafield ind1="1" ind2=" " tag="022"><subfield code="a">1087-5352</subfield><subfield code="l">1087-5352</subfield><subfield code="2">1</subfield></datafield><datafield ind1="1" ind2=" " tag="029"><subfield code="a">AU@</subfield><subfield code="b">000012363980</subfield></datafield><datafield ind1=" " ind2=" " tag="032"><subfield code="a">686780</subfield><subfield code="b">USPS</subfield></datafield><datafield ind1=" " ind2=" " tag="042"><subfield code="a">pcc</subfield><subfield code="a">nsdp</subfield></datafield><datafield ind1=" " ind2=" " tag="043"><subfield code="a">n-us-il</subfield></datafield><datafield ind1=" " ind2="0" tag="222"><subfield code="a">Winnetka talk</subfield></datafield><datafield ind1="0" ind2="0" tag="245"><subfield code="a">Winnetka talk.</subfield></datafield><datafield ind1=" " ind2=" " tag="260"><subfield code="a">Winnetka, Ill. :</subfield><subfield code="b">Lloyd Hollister, Inc.,</subfield><subfield code="c">1925-</subfield></datafield><datafield ind1=" " ind2=" " tag="300"><subfield code="a">v.</subfield></datafield><datafield ind1=" " ind2=" " tag="310"><subfield code="a">Weekly,</subfield><subfield code="b">Nov. 5, 1970-</subfield></datafield><datafield ind1=" " ind2=" " tag="321"><subfield code="a">Weekly,</subfield><subfield code="b">1925-Apr. 18, 1968</subfield></datafield><datafield ind1=" " ind2=" " tag="321"><subfield code="a">Semiweekly,</subfield><subfield code="b">Apr. 22, 1968-Oct. 29, 1970</subfield></datafield><datafield ind1="0" ind2=" " tag="362"><subfield code="a">Vol. 14, no. 30 (Oct. 3, 1925)-</subfield></datafield><datafield ind1=" " ind2="0" tag="651"><subfield code="a">Winnetka (Ill.)</subfield><subfield code="v">Newspapers.</subfield></datafield><datafield ind1=" " ind2="7" tag="655"><subfield code="a">Newspapers.</subfield><subfield code="2">fast</subfield><subfield code="0">(OCoLC)fst01423814</subfield></datafield><datafield ind1=" " ind2="7" tag="651"><subfield code="a">Illinois</subfield><subfield code="z">Winnetka.</subfield><subfield code="2">fast</subfield><subfield code="0">(OCoLC)fst01217838</subfield></datafield><datafield ind1=" " ind2=" " tag="752"><subfield code="a">United States</subfield><subfield code="b">Illinois</subfield><subfield code="c">Cook</subfield><subfield code="d">Winnetka.</subfield></datafield><datafield ind1="0" ind2="8" tag="776"><subfield code="i">Online version:</subfield><subfield code="t">Winnetka talk (Online)</subfield><subfield code="w">(DLC)sn 94054268</subfield><subfield code="w">(OCoLC)233144159</subfield></datafield><datafield ind1="0" ind2="0" tag="780"><subfield code="t">Winnetka weekly talk</subfield><subfield code="w">(DLC)sn 94054267</subfield><subfield code="w">(OCoLC)30498503</subfield></datafield></record>